<?xml version="1.0" encoding="UTF-8"?><collection xmlns="http://www.loc.gov/MARC21/slim"><record><leader>00500nam--2200169-u-4500</leader><controlfield tag="001">000055141</controlfield><controlfield tag="002">20161230</controlfield><controlfield tag="005">20161230201052</controlfield><controlfield tag="008">121106s1000------------r-----000-0-eng-d</controlfield><datafield ind1=" " ind2=" " tag="040"><subfield code="a">IFIN-HH</subfield></datafield><datafield ind1=" " ind2=" " tag="080"><subfield code="a">538.91(047.3)</subfield></datafield><datafield ind1="1" ind2=" " tag="100"><subfield code="a">Johnson, J.N</subfield></datafield><datafield ind1="1" ind2="0" tag="245"><subfield code="a">Considerations for the calculation of shock-induced phase transformations in solids</subfield><subfield code="c">J.n. johnson</subfield></datafield><datafield ind1=" " ind2=" " tag="260"><subfield code="a">Albuquerque, New Mwxico</subfield><subfield code="b">Sandia Laboratoires</subfield><subfield code="c">1972</subfield></datafield><datafield ind1=" " ind2=" " tag="300"><subfield code="a">49P</subfield></datafield><datafield ind1=" " ind2=" " tag="852"><subfield code="a">71228</subfield><subfield code="c">539.2</subfield></datafield><datafield ind1=" " ind2=" " tag="CAT"><subfield code="a">Sys</subfield><subfield code="c">20121106</subfield><subfield code="h">172459</subfield></datafield></record></collection>